<?xml version="1.0" encoding="utf-8"?>
<ENVELOPE>
  <HEADER>
    <TALLYREQUEST>Import Data</TALLYREQUEST>
  </HEADER>
  <BODY>
    <IMPORTDATA>
      <REQUESTDESC>
        <REPORTNAME>Vouchers</REPORTNAME>
        <STATICVARIABLES>
          <SVCURRENTCOMPANY>Navkar Corporation Ltd. - (2019-20)</SVCURRENTCOMPANY>
        </STATICVARIABLES>
      </REQUESTDESC>
      <REQUESTDATA>
        <TALLYMESSAGE xmlns:UDF="TallyUDF">
          <VOUCHER REMOTEID="NIR/2101627" VCHTYPE="Receipt - Ex" ACTION="Create" OBJVIEW="Accounting Voucher View">
            <OLDAUDITENTRYIDS.LIST TYPE="Number">
              <OLDAUDITENTRYIDS>-1</OLDAUDITENTRYIDS>
            </OLDAUDITENTRYIDS.LIST>
            <DATE>20210409</DATE>
            <NARRATION> RTGS (+):CMS1900842388 Party: IMP-HIND TERMINALS PRIVATE LIMITED</NARRATION>
            <VOUCHERTYPENAME>Receipt - Ex</VOUCHERTYPENAME>
            <VOUCHERNUMBER>NIR/2101627</VOUCHERNUMBER>
            <PARTYLEDGERNAME>IMP-HIND TERMINALS PRIVATE LIMITED</PARTYLEDGERNAME>
            <CSTFORMISSUETYPE></CSTFORMISSUETYPE>
            <CSTFORMRECVTYPE></CSTFORMRECVTYPE>
            <FBTPAYMENTTYPE>Default</FBTPAYMENTTYPE>
            <PERSISTEDVIEW>Accounting Voucher View</PERSISTEDVIEW>
            <VCHGSTCLASS></VCHGSTCLASS>
            <ENTEREDBY>AutoSystem</ENTEREDBY>
            <DIFFACTUALQTY>No</DIFFACTUALQTY>
            <ISMSTFROMSYNC>No</ISMSTFROMSYNC>
            <ASORIGINAL>No</ASORIGINAL>
            <AUDITED>No</AUDITED>
            <FORJOBCOSTING>No</FORJOBCOSTING>
            <ISOPTIONAL>No</ISOPTIONAL>
            <EFFECTIVEDATE>20210409</EFFECTIVEDATE>
            <USEFOREXCISE>No</USEFOREXCISE>
            <ISFORJOBWORKIN>No</ISFORJOBWORKIN>
            <ALLOWCONSUMPTION>No</ALLOWCONSUMPTION>
            <USEFORINTEREST>No</USEFORINTEREST>
            <USEFORGAINLOSS>No</USEFORGAINLOSS>
            <USEFORGODOWNTRANSFER>No</USEFORGODOWNTRANSFER>
            <USEFORCOMPOUND>No</USEFORCOMPOUND>
            <USEFORSERVICETAX>No</USEFORSERVICETAX>
            <ISEXCISEVOUCHER>No</ISEXCISEVOUCHER>
            <EXCISETAXOVERRIDE>No</EXCISETAXOVERRIDE>
            <USEFORTAXUNITTRANSFER>No</USEFORTAXUNITTRANSFER>
            <EXCISEOPENING>No</EXCISEOPENING>
            <USEFORFINALPRODUCTION>No</USEFORFINALPRODUCTION>
            <ISTDSOVERRIDDEN>No</ISTDSOVERRIDDEN>
            <ISTCSOVERRIDDEN>No</ISTCSOVERRIDDEN>
            <ISTDSTCSCASHVCH>No</ISTDSTCSCASHVCH>
            <INCLUDEADVPYMTVCH>No</INCLUDEADVPYMTVCH>
            <ISSUBWORKSCONTRACT>No</ISSUBWORKSCONTRACT>
            <ISVATOVERRIDDEN>No</ISVATOVERRIDDEN>
            <IGNOREORIGVCHDATE>No</IGNOREORIGVCHDATE>
            <ISSERVICETAXOVERRIDDEN>No</ISSERVICETAXOVERRIDDEN>
            <ISISDVOUCHER>No</ISISDVOUCHER>
            <ISEXCISEOVERRIDDEN>No</ISEXCISEOVERRIDDEN>
            <ISEXCISESUPPLYVCH>No</ISEXCISESUPPLYVCH>
            <ISGSTOVERRIDDEN>No</ISGSTOVERRIDDEN>
            <GSTNOTEXPORTED>No</GSTNOTEXPORTED>
            <ISVATPRINCIPALACCOUNT>No</ISVATPRINCIPALACCOUNT>
            <ISSHIPPINGWITHINSTATE>No</ISSHIPPINGWITHINSTATE>
            <ISCANCELLED>No</ISCANCELLED>
            <HASCASHFLOW>No</HASCASHFLOW>
            <ISPOSTDATED>No</ISPOSTDATED>
            <USETRACKINGNUMBER>No</USETRACKINGNUMBER>
            <ISINVOICE>No</ISINVOICE>
            <MFGJOURNAL>No</MFGJOURNAL>
            <HASDISCOUNTS>No</HASDISCOUNTS>
            <ASPAYSLIP>No</ASPAYSLIP>
            <ISCOSTCENTRE>No</ISCOSTCENTRE>
            <ISSTXNONREALIZEDVCH>No</ISSTXNONREALIZEDVCH>
            <ISEXCISEMANUFACTURERON>No</ISEXCISEMANUFACTURERON>
            <ISBLANKCHEQUE>No</ISBLANKCHEQUE>
            <ISVOID>No</ISVOID>
            <ISONHOLD>No</ISONHOLD>
            <ORDERLINESTATUS>No</ORDERLINESTATUS>
            <VATISAGNSTCANCSALES>No</VATISAGNSTCANCSALES>
            <VATISPURCEXEMPTED>No</VATISPURCEXEMPTED>
            <ISVATRESTAXINVOICE>No</ISVATRESTAXINVOICE>
            <VATISASSESABLECALCVCH>No</VATISASSESABLECALCVCH>
            <ISVATDUTYPAID>No</ISVATDUTYPAID>
            <ISDELIVERYSAMEASCONSIGNEE>No</ISDELIVERYSAMEASCONSIGNEE>
            <ISDISPATCHSAMEASCONSIGNOR>No</ISDISPATCHSAMEASCONSIGNOR>
            <ISDELETED>No</ISDELETED>
            <CHANGEVCHMODE>No</CHANGEVCHMODE>
            <EXCLUDEDTAXATIONS.LIST></EXCLUDEDTAXATIONS.LIST>
            <OLDAUDITENTRIES.LIST></OLDAUDITENTRIES.LIST>
            <ACCOUNTAUDITENTRIES.LIST></ACCOUNTAUDITENTRIES.LIST>
            <AUDITENTRIES.LIST></AUDITENTRIES.LIST>
            <DUTYHEADDETAILS.LIST></DUTYHEADDETAILS.LIST>
            <SUPPLEMENTARYDUTYHEADDETAILS.LIST></SUPPLEMENTARYDUTYHEADDETAILS.LIST>
            <INVOICEDELNOTES.LIST></INVOICEDELNOTES.LIST>
            <INVOICEORDERLIST.LIST></INVOICEORDERLIST.LIST>
            <INVOICEINDENTLIST.LIST></INVOICEINDENTLIST.LIST>
            <ATTENDANCEENTRIES.LIST></ATTENDANCEENTRIES.LIST>
            <ORIGINVOICEDETAILS.LIST></ORIGINVOICEDETAILS.LIST>
            <INVOICEEXPORTLIST.LIST></INVOICEEXPORTLIST.LIST>
            <ALLLEDGERENTRIES.LIST>
              <OLDAUDITENTRYIDS.LIST TYPE="Number">
                <OLDAUDITENTRYIDS>-1</OLDAUDITENTRYIDS>
              </OLDAUDITENTRYIDS.LIST>
              <LEDGERNAME>IMP-HIND TERMINALS PRIVATE LIMITED</LEDGERNAME>
              <GSTCLASS></GSTCLASS>
              <ISDEEMEDPOSITIVE>No</ISDEEMEDPOSITIVE>
              <LEDGERFROMITEM>No</LEDGERFROMITEM>
              <REMOVEZEROENTRIES>No</REMOVEZEROENTRIES>
              <ISPARTYLEDGER>Yes</ISPARTYLEDGER>
              <ISLASTDEEMEDPOSITIVE>No</ISLASTDEEMEDPOSITIVE>
              <AMOUNT>1698791.86</AMOUNT>
              <VATEXPAMOUNT>1698791.86</VATEXPAMOUNT>
              <SERVICETAXDETAILS.LIST></SERVICETAXDETAILS.LIST>
              <BANKALLOCATIONS.LIST></BANKALLOCATIONS.LIST>
              <BILLALLOCATIONS.LIST>
                <NAME>NIR/2101627</NAME>
                <BILLTYPE>New Ref</BILLTYPE>
                <TDSDEDUCTEEISSPECIALRATE>No</TDSDEDUCTEEISSPECIALRATE>
                <AMOUNT>1698791.86</AMOUNT>
                <INTERESTCOLLECTION.LIST></INTERESTCOLLECTION.LIST>
                <STBILLCATEGORIES.LIST></STBILLCATEGORIES.LIST>
              </BILLALLOCATIONS.LIST>
              <INTERESTCOLLECTION.LIST></INTERESTCOLLECTION.LIST>
              <OLDAUDITENTRIES.LIST></OLDAUDITENTRIES.LIST>
              <ACCOUNTAUDITENTRIES.LIST></ACCOUNTAUDITENTRIES.LIST>
              <AUDITENTRIES.LIST></AUDITENTRIES.LIST>
              <INPUTCRALLOCS.LIST></INPUTCRALLOCS.LIST>
              <DUTYHEADDETAILS.LIST></DUTYHEADDETAILS.LIST>
              <EXCISEDUTYHEADDETAILS.LIST></EXCISEDUTYHEADDETAILS.LIST>
              <RATEDETAILS.LIST></RATEDETAILS.LIST>
              <SUMMARYALLOCS.LIST></SUMMARYALLOCS.LIST>
              <STPYMTDETAILS.LIST></STPYMTDETAILS.LIST>
              <EXCISEPAYMENTALLOCATIONS.LIST></EXCISEPAYMENTALLOCATIONS.LIST>
              <TAXBILLALLOCATIONS.LIST></TAXBILLALLOCATIONS.LIST>
              <TAXOBJECTALLOCATIONS.LIST></TAXOBJECTALLOCATIONS.LIST>
              <TDSEXPENSEALLOCATIONS.LIST></TDSEXPENSEALLOCATIONS.LIST>
              <VATSTATUTORYDETAILS.LIST></VATSTATUTORYDETAILS.LIST>
              <COSTTRACKALLOCATIONS.LIST></COSTTRACKALLOCATIONS.LIST>
              <REFVOUCHERDETAILS.LIST></REFVOUCHERDETAILS.LIST>
              <INVOICEWISEDETAILS.LIST></INVOICEWISEDETAILS.LIST>
              <VATITCDETAILS.LIST></VATITCDETAILS.LIST>
              <ADVANCETAXDETAILS.LIST></ADVANCETAXDETAILS.LIST>
            </ALLLEDGERENTRIES.LIST>
            <ALLLEDGERENTRIES.LIST>
              <OLDAUDITENTRYIDS.LIST TYPE="Number">
                <OLDAUDITENTRYIDS>-1</OLDAUDITENTRYIDS>
              </OLDAUDITENTRYIDS.LIST>
              <LEDGERNAME>SBI 31161840683 / 18 CR</LEDGERNAME>
              <GSTCLASS></GSTCLASS>
              <ISDEEMEDPOSITIVE>Yes</ISDEEMEDPOSITIVE>
              <LEDGERFROMITEM>No</LEDGERFROMITEM>
              <REMOVEZEROENTRIES>No</REMOVEZEROENTRIES>
              <ISPARTYLEDGER>Yes</ISPARTYLEDGER>
              <ISLASTDEEMEDPOSITIVE>Yes</ISLASTDEEMEDPOSITIVE>
              <AMOUNT>-1698791.86</AMOUNT>
              <VATEXPAMOUNT>1698791.86</VATEXPAMOUNT>
              <SERVICETAXDETAILS.LIST></SERVICETAXDETAILS.LIST>
              <BANKALLOCATIONS.LIST>
                <DATE>20210409</DATE>
                <INSTRUMENTDATE>20210409</INSTRUMENTDATE>
                <NAME>a063c90a-cdee-46b6-84a6-a502d4c2aaef a063c90a-cdee-46b6-84a6-a502d4c2aaef+@ALTERID++@INROWMoDE+</NAME>
                <TRANSACTIONTYPE>Cheque/DD</TRANSACTIONTYPE>
                <BANKNAME>CITIZENCREDIT CO-OP BANK</BANKNAME>
                <PAYMENTFAVOURING>IMP-HIND TERMINALS PRIVATE LIMITED</PAYMENTFAVOURING>
                <INSTRUMENTNUMBER>CMS1900842388</INSTRUMENTNUMBER>
                <UNIQUEREFERENCENUMBER>3eXo5D9PmvneX41I 3eXo5D9PmvneX41I+@ALTERID++@INROWMoDE+</UNIQUEREFERENCENUMBER>
                <STATUS>No</STATUS>
                <PAYMENTMODE>Transacted</PAYMENTMODE>
                <BANKPARTYNAME>IMP-HIND TERMINALS PRIVATE LIMITED</BANKPARTYNAME>
                <ISCONNECTEDPAYMENT>No</ISCONNECTEDPAYMENT>
                <ISSPLIT>No</ISSPLIT>
                <ISCONTRACTUSED>No</ISCONTRACTUSED>
                <ISACCEPTEDWITHWARNING>No</ISACCEPTEDWITHWARNING>
                <ISTRANSFORCED>No</ISTRANSFORCED>
                <CASHDENOMINATION>0-0-0-0-0-0-0-0-0-0</CASHDENOMINATION>
                <CHEQUEPRINTED>1</CHEQUEPRINTED>
                <AMOUNT>-1698791.86</AMOUNT>
                <CONTRACTDETAILS></CONTRACTDETAILS>
              </BANKALLOCATIONS.LIST>
              <BILLALLOCATIONS.LIST></BILLALLOCATIONS.LIST>
              <INTERESTCOLLECTION.LIST></INTERESTCOLLECTION.LIST>
              <OLDAUDITENTRIES.LIST></OLDAUDITENTRIES.LIST>
              <ACCOUNTAUDITENTRIES.LIST></ACCOUNTAUDITENTRIES.LIST>
              <AUDITENTRIES.LIST></AUDITENTRIES.LIST>
              <INPUTCRALLOCS.LIST></INPUTCRALLOCS.LIST>
              <DUTYHEADDETAILS.LIST></DUTYHEADDETAILS.LIST>
              <EXCISEDUTYHEADDETAILS.LIST></EXCISEDUTYHEADDETAILS.LIST>
              <RATEDETAILS.LIST></RATEDETAILS.LIST>
              <SUMMARYALLOCS.LIST></SUMMARYALLOCS.LIST>
              <STPYMTDETAILS.LIST></STPYMTDETAILS.LIST>
              <EXCISEPAYMENTALLOCATIONS.LIST></EXCISEPAYMENTALLOCATIONS.LIST>
              <TAXBILLALLOCATIONS.LIST></TAXBILLALLOCATIONS.LIST>
              <TAXOBJECTALLOCATIONS.LIST></TAXOBJECTALLOCATIONS.LIST>
              <TDSEXPENSEALLOCATIONS.LIST></TDSEXPENSEALLOCATIONS.LIST>
              <VATSTATUTORYDETAILS.LIST></VATSTATUTORYDETAILS.LIST>
              <COSTTRACKALLOCATIONS.LIST></COSTTRACKALLOCATIONS.LIST>
              <REFVOUCHERDETAILS.LIST></REFVOUCHERDETAILS.LIST>
              <INVOICEWISEDETAILS.LIST></INVOICEWISEDETAILS.LIST>
              <VATITCDETAILS.LIST></VATITCDETAILS.LIST>
              <ADVANCETAXDETAILS.LIST></ADVANCETAXDETAILS.LIST>
            </ALLLEDGERENTRIES.LIST>
            <ALLINVENTORYENTRIES.LIST></ALLINVENTORYENTRIES.LIST>
            <ATTDRECORDS.LIST></ATTDRECORDS.LIST>
            <LEDGERENTRIESRECORDS.LIST></LEDGERENTRIESRECORDS.LIST>
            <LEDGERCSTENTRIESRECORDS.LIST></LEDGERCSTENTRIESRECORDS.LIST>
          </VOUCHER>
        </TALLYMESSAGE>
        <TALLYMESSAGE xmlns:UDF="TallyUDF">
          <COMPANY>
            <REMOTECMPINFO.LIST MERGE="Yes">
              <NAME>d2826762-075f-11da-96af-8929b305cf7d</NAME>
              <REMOTECMPNAME>Navkar Corporation Ltd. - (2019-20)</REMOTECMPNAME>
              <REMOTECMPSTATE>Maharashtra</REMOTECMPSTATE>
            </REMOTECMPINFO.LIST>
          </COMPANY>
        </TALLYMESSAGE>
        <TALLYMESSAGE xmlns:UDF="TallyUDF">
          <COMPANY>
            <REMOTECMPINFO.LIST MERGE="Yes">
              <NAME>d2826762-075f-11da-96af-8929b305cf7d</NAME>
              <REMOTECMPNAME>Navkar Corporation Ltd. (Vapi) (2019-20)</REMOTECMPNAME>
              <REMOTECMPSTATE>Maharashtra</REMOTECMPSTATE>
            </REMOTECMPINFO.LIST>
          </COMPANY>
        </TALLYMESSAGE>
      </REQUESTDATA>
    </IMPORTDATA>
  </BODY>
</ENVELOPE>